%% Created using Papers on Tue, 15 Mar 2016.
%% http://papersapp.com/papers/

@article{stpf,
    author = {{Beskos}, A. and {Crisan}, D. and {Jasra}, A. and {Kamatani}, K.
        and {Zhou}, Y.},
    title = "{A Stable Particle Filter in High-Dimensions}",
    journal = {ArXiv e-prints},
    archivePrefix = "arXiv",
    eprint = {1412.3501},
    year = 2014,
    month = dec,
}

@article{Jasra:2012hg,
author = {Jasra, Ajay and Singh, S S and Martin, J S and McCoy, E},
title = {{Filtering via approximate Bayesian computation}},
journal = {Statistics and Computing},
year = {2012}
}

@book{Robert:2004tn,
author = {Robert, Christian P. and Casella, George},
title = {{\emph{Monte Carlo Statistical Methods}}},
publisher = {Springer},
year = {2004}
}

@article{BarndorffNielsen:2001gi,
author = {Barndorff Nielsen, Ole E and Shephard, Neil},
title = {{Non-Gaussian Ornstein{\textendash}Uhlenbeck-based models and some of their uses in financial economics}},
journal = {Journal of the Royal Statistical Society: Series B (Statistical Methodology)},
year = {2001},
volume = {63},
number = {2},
pages = {167--241},
month = jan
}

@book{Lehmann:2005vy,
author = {Lehmann, E. L. and Romano, Joseph P.},
title = {{Testing Statistical Hypotheses}},
publisher = {Springer-Verlag},
year = {2005},
address = {New York}
}

@article{Chib:1995em,
author = {Chib, Siddhartha},
title = {{Marginal likelihood from the Gibbs output}},
journal = {Journal of the American Statistical Association},
year = {1995},
volume = {90},
number = {432},
pages = {1313--1321}
}

@book{Claeskens:2008tq,
author = {Claeskens, Gerda and Hjort, Nils Lid},
title = {{Model Selection and Model Averaging}},
publisher = {Cambridge University Press},
year = {2008},
series = {Cambridge Series in Statistical and Probablistic Mathematics},
address = {Cambridge, UK}
}

@article{Richard:2007gz,
author = {Richard, Jean-Francois and Zhang, Wei},
title = {{Efficient high-dimensional importance sampling}},
journal = {Journal of Econometrics},
year = {2007},
volume = {141},
number = {2},
pages = {1385--1411}
}

@inproceedings{Hol:2006ff,
author = {Hol, Jeroen D. and Schon, Thomas B. and Gustafsson, Fredrik},
title = {{On resampling algorithms for particle filters}},
booktitle = {Proceedings of IEEE Nonlinear Statistical Signal Processing Workshop},
year = {2006},
pages = {79--82},
publisher = {IEEE}
}

@article{Jones:1993cn,
author = {Jones, D. R. and Perttunen, C. D. and Stuckman, B. E.},
title = {{Lipschitzian optimization without the Lipschitz constant}},
journal = {Journal of Optimization Theory and Application},
year = {1993},
volume = {79},
number = {1},
pages = {157--181}
}

@article{Douc:2008ux,
author = {Douc, Randal and Moulines, Eric},
title = {{Limit theorems for weighted samples with applications to sequential Monte Carlo methods}},
journal = {The Annals of Statistics},
year = {2008},
volume = {36},
number = {5},
pages = {2344--2376},
month = oct
}

@article{Snyder:2008by,
author = {Snyder, C and Bengtsson, T and Bickel, P},
title = {{Obstacles to high-dimensional particle filtering}},
journal = {Monthly Weather {\ldots}},
year = {2008}
}

@article{Gunzburger:2010ff,
title = {{A nonlocal vector calculus with application to nonlocal boundary value problems}},
year = {2010},
volume = {8},
number = {5},
pages = {1581--1598}
}

@article{Shevchenko:2014uw,
author = {Shevchenko, Pavel V and Del Moral, Pierre},
title = {{Valuation of barrier options using sequential Monte Carlo}},
year = {2014},
eprint = {1405.5294},
eprinttype = {arxiv},
month = may
}

@article{Banterle:2014wk,
author = {Banterle, M and Grazian, C and Robert, Christian P.},
title = {{Accelerating Metropolis-Hastings algorithms: Delayed acceptance with prefetching}},
journal = {ArXiv},
year = {2014},
eprint = {4540E792-A05E-4F96-9AFF-9672771F7934},
eprinttype = {scholar}
}

@article{BarndorffNielsen:1983ia,
author = {Barndorff-Nielsen, O.},
title = {{On a formula for the distribution of the maximum likelihood estimator}},
journal = {Biometrika},
year = {1983},
volume = {70},
number = {2},
pages = {343--365}
}

@article{Goldberg:1991wo,
author = {Goldberg, David},
title = {{What every computer scientist should know about floating-point arithmetic}},
journal = {ACM Computing Surveys},
year = {1991},
volume = {23},
number = {1},
pages = {5--48}
}

@article{Lecuyer:2002uy,
author = {L'ecuyer, Pierre and Simard, Richard and Chen, E. Jack and Kelton, W. David},
title = {{An object-oriented random-number package with many long streams and substreams}},
journal = {Operational Research},
year = {2002},
volume = {50},
number = {6},
pages = {1073--1075}
}

@article{Craiu:2014vk,
author = {Craiu, Radu V and Gray, Lawrence and Latuszynski, Krzysztof and Madras, Neal and Roberts, Gareth O and Rosenthal, Jeffrey S},
title = {{Stability of Adversarial Markov Chains, with an Application to Adaptive MCMC Algorithms}},
journal = {ArXiv},
year = {2014},
eprint = {1403.3950v3},
eprinttype = {arxiv},
eprintclass = {math.PR},
month = mar
}

@techreport{Zhou:2011uo,
author = {Zhou, Yan and Aston, John A. D. and Johansen, Adam M.},
title = {{Bayesian model comparison for compartmental models with applications in positron emission tomography}},
institution = {CRiSM, University of Warwick},
year = {2011}
}

@article{Parzen:1962tf,
author = {Parzen, Emanuel},
title = {{On estimation of a probability density function and mode}},
journal = {The Annals of Mathematical Statistics},
year = {1962},
volume = {33},
number = {3},
pages = {1065--1076}
}

@article{Wood:1993ku,
author = {Wood, Andrew T. A. and Booth, James G. and Butler, Ronald W.},
title = {{Saddlepoint approximations to the CDF of some statistics with nonnormal limit distributions}},
journal = {Journal of the American Statistical Association},
year = {1993},
volume = {88},
number = {422},
pages = {680}
}

@article{Papaspiliopoulos:2008dk,
author = {Papaspiliopoulos, O and Roberts, G. O.},
title = {{Retrospective Markov chain Monte Carlo methods for Dirichlet process hierarchical models}},
journal = {Biometrika},
year = {2008},
volume = {95},
number = {1},
pages = {169--186},
month = jan
}

@article{Roberts:2002vb,
author = {Roberts, Gareth O. and Rosenthal, Jeffery S.},
title = {{The polar slice sampler}},
journal = {Statistical Models},
year = {2002},
volume = {18},
number = {2},
pages = {257--280}
}

@article{Eddy:1980wm,
author = {Eddy, William F.},
title = {{Optimum kernel estimators of the mode}},
journal = {The Annals of Statistics},
year = {1980},
volume = {8},
number = {4},
pages = {870--882}
}

@article{DelMoral:2005hw,
author = {Del Moral, Pierre and Garnier, Josselin},
title = {{Genealogical particle analysis of rare events}},
journal = {The Annals of Applied Probability},
year = {2005},
volume = {15},
number = {4},
pages = {2496--2534}
}

@inproceedings{Bolic:2003hl,
author = {Boli{\'c}, Miodrag and Djuri{\'c}, Petar M. and Hong, Sangjin},
title = {{New resampling algorithms for particel filters}},
booktitle = {Proceedings of IEEE International Conference on Acoustics, Speech, and Signal Processing Proceedings},
year = {2003},
pages = {589--592}
}

@article{Jasra:2010eh,
author = {Jasra, Ajay and Stephens, David A. and Doucet, Arnaud and Tsagaris, Theodoros},
title = {{Inference for L{\'e}vy-Driven Stochastic Volatility Models via Adaptive Sequential Monte Carlo}},
journal = {Scandinavian Journal of Statistics},
year = {2010},
volume = {38},
number = {1},
pages = {1--22},
month = dec
}

@article{Fan:2008tf,
author = {Fan, Y. and Leslie, D. S. and Wand, M. P.},
title = {{Generalised linear mixed model analysis via sequential Monte Carlo sampling}},
journal = {Electronic Journal of Statistics},
year = {2008},
volume = {2},
pages = {916--938}
}

@article{Muller:1984vr,
author = {Muller, Hans-Georg},
title = {{Smooth optimum kernel estimators of densities, regression curves and modes}},
journal = {The Annals of Statistics},
year = {1984},
volume = {12},
number = {2},
pages = {766--774}
}

@book{Larson:2013ds,
author = {Larson, Mats G and Bengzon, Fredrik},
title = {{The Finite Element Method: Theory, Implementation, and Applications}},
publisher = {Springer Science {\&} Business Media},
year = {2013},
volume = {10},
series = {Texts in Computational Science and Engineering},
address = {Berlin, Heidelberg},
month = jan
}

@article{2013InvPr..29h5010H,
author = {Hoang, Viet Ha and Schwab, Christoph and Stuart, Andrew M},
title = {{Complexity analysis of accelerated MCMC methods for Bayesian inversion}},
journal = {Inverse Problems},
year = {2013},
volume = {29},
number = {8},
pages = {085010},
month = aug
}

@incollection{DelMoral:2006wv,
author = {Del Moral, Pierre and Doucet, Arnaud and Jasra, Ajay},
title = {{Sequential Monte Carlo methods for Bayesian computation}},
booktitle = {Bayesian Statistics 8},
year = {2006},
pages = {--},
publisher = {Oxford University Press}
}

@article{Folks:1978tb,
author = {Folks, J. L. and Chhikara, R. S.},
title = {{The inverse Gaussian distribution and its statistical application{\textendash}a review}},
journal = {Journal of Royal Statistical Society B},
year = {1978},
volume = {40},
number = {3},
pages = {263--289}
}

@article{Anonymous:N3t5mJ33,
author = {Marjoram, Paul and Molitor, John and Plagnol, Vincent and Tavar{\'e}, Simon},
title = {{Markov chain Monte Carlo without likelihoods}},
journal = {Proceedings of the National Academy of Sciences of the United States of America},
year = {2003},
volume = {100},
number = {26},
pages = {15324--15328}
}

@article{Bartlett:1963ty,
author = {Bartlett, M. S.},
title = {{Statistical estimation of density functions}},
journal = {Sankhy{\=a}: The Indian Journal of Statistics, Series A},
year = {1963},
volume = {25},
number = {3},
pages = {245--254}
}

@article{Lammertsma:1996ik,
author = {Lammertsma, Adriaan A. and Hume, Susan P.},
title = {{Simplified reference tissue model for PET receptor studies.}},
journal = {NeuroImage},
year = {1996},
volume = {4},
number = {3 Pt 1},
pages = {153--158}
}

@article{Vyshemirsky:2008ch,
author = {Vyshemirsky, Vladislav and Girolami, Mark A.},
title = {{Bayesian ranking of biochemical system models}},
journal = {Bioinformatics},
year = {2008},
volume = {24},
number = {6},
pages = {833--839}
}

@article{Sisson:2007il,
author = {Sisson, S. A. and Fan, Y. and Tanaka, Mark M.},
title = {{Sequential Monte Carlo without likelihoods}},
journal = {Proceedings of the National Academy of Sciences of the United States of America},
year = {2007},
volume = {104},
number = {6},
pages = {1760--1765}
}

@article{Chopin:2007fn,
author = {Chopin, Nicolas},
title = {{Inference and model choice for sequentially ordered hidden Markov models}},
journal = {Journal of the Royal Statistical Society: Series B (Statistical Methodology)},
year = {2007},
volume = {69},
number = {2},
pages = {269--284},
month = apr
}

@article{Chen:2005dg,
author = {Chen, Yuguo and Diaconis, Persi and Holmes, Susan P. and Liu, Jun S.},
title = {{Sequential Monte Carlo methods for statistical analysis of tables}},
journal = {Journal of the American Statistical Association},
year = {2005},
volume = {100},
number = {469},
pages = {109--120}
}

@article{Kass:1993vy,
author = {Kass, Robert E.},
title = {{Bayes factors in practice}},
journal = {The Statistician},
year = {1993},
volume = {42},
number = {5},
pages = {551--560}
}

@article{Gustafsson:2010ky,
author = {Gustafsson, Fredrik},
title = {{Particle filter theory and practice with positioning applications}},
journal = {IEEE Aerospace and Electronic Systems Magazine},
year = {2010},
volume = {25},
number = {7},
pages = {53--82}
}

@article{Cappe:2003ek,
author = {Capp{\'e}, Olivier and Robert, Christian P. and Ryden, Tobias},
title = {{Reversible jump, birth-and-death and more general continuous time Markov chain Monte Carlo samplers}},
journal = {Journal of Royal Statistical Society B},
year = {2003},
volume = {65},
number = {3},
pages = {679--700}
}

@article{Kinderman:1977tn,
author = {Kinderman, A. J. and Monahan, J. F.},
title = {{Computer generation of random variables using the ratio of uniform deviates}},
journal = {ACM Transactions on Mathematical Software},
year = {1977},
volume = {3},
number = {3},
pages = {257--260}
}

@article{Cox:2004te,
author = {Cox, D. R. and Reid, N.},
title = {{A note on pseudolikelihood constructed from marginal densities}},
journal = {Biometrika},
year = {2004},
volume = {91},
number = {3},
pages = {729--737}
}

@article{Giles:2008gc,
author = {Giles, M B},
title = {{Multilevel Monte Carlo path simulation}},
journal = {Operations Research},
year = {2008},
volume = {56},
number = {3},
pages = {607--617}
}

@mastersthesis{Peters:2005wh,
author = {Peters, Gareth W},
title = {{Topics in sequential Monte Carlo samplers}},
year = {2005}
}

@article{Chan:2013gv,
author = {Chan, Hock Peng and Lai, Tze Leung},
title = {{A general theory of particle filters in hidden Markov models and some applications}},
journal = {The Annals of Statistics},
year = {2013},
volume = {41},
number = {6},
pages = {2877--2904},
month = dec
}

@article{Fearnhead:2010ua,
author = {Fearnhead, Paul and Taylor, Benjamin M.},
title = {{An adaptive sequential Monte Carlo sampler}},
journal = {ArXiv},
year = {2010},
pages = {--}
}

@article{DelMoral:2012jq,
author = {Del Moral, Pierre and Doucet, Arnaud and Jasra, Ajay},
title = {{On adaptive resampling strategies for sequential Monte Carlo methods}},
journal = {Bernoulli},
year = {2012},
volume = {18},
number = {1},
pages = {252--278},
month = feb
}

@article{Hong:2004ja,
author = {Hong, Sangjin and Boli{\'c}, Miodrag and Djuri{\'c}, Petar M.},
title = {{An efficient fixed-point implementation of residual resampling scheme for high-speed particle filters}},
journal = {IEEE Signal Processing Letters},
year = {2004},
volume = {11},
number = {5},
pages = {482--485}
}

@article{Hills:1993vb,
author = {Hills, Susan E and Smith, Adrian FM},
title = {{Diagnostic plots for improved parameterization in Bayesian inference}},
journal = {Biometrika},
year = {1993},
volume = {80},
number = {1},
pages = {61--74}
}

@article{Jeffreys:1946jf,
author = {Jeffreys, Harold},
title = {{An Invariant Form for the Prior Probability in Estimation Problems}},
journal = {Proceedings of the Royal Society A: Mathematical, Physical and Engineering Sciences},
year = {1946},
volume = {186},
number = {1007},
pages = {453--461}
}

@techreport{Spiegelhalter:1998uc,
author = {Spiegelhalter, David J. and Best, Nicola G. and Carlin, Bradley P.},
title = {{Bayesian deviance, the effective number of parameters, and the comparison of arbitrarily complex models}},
year = {1998}
}

@article{Bernardo:1979uq,
author = {Bernardo, Jos{\'e} M.},
title = {{Reference posterior distributions for Bayesian inference}},
journal = {Journal of Royal Statistical Society B},
year = {1979},
volume = {41},
number = {2},
pages = {113--147}
}

@article{Alpert:2009by,
author = {Alpert, Nathaniel M. and Yuan, Fang},
title = {{A general method of Bayesian estimation for parametric imaging of the brain.}},
journal = {NeuroImage},
year = {2009},
volume = {45},
number = {4},
pages = {1183--1189}
}

@article{Epanechnikov:1969vm,
author = {Epanechnikov, V. A.},
title = {{Non-parametric estimation of a multivariate probability density}},
journal = {Theory of Probability and its Applications},
year = {1969},
volume = {14},
pages = {153}
}

@article{Gustavson:1996fx,
author = {Gustavson, Fred G and Gupta, Anshul},
title = {{A new parallel algorithm for tridiagonal symmetric positive systems of equations}},
journal = {PARA},
year = {1996},
volume = {1184},
number = {Chapter 36},
pages = {341--349}
}

@book{Courant:2012vy,
author = {Courant, R and John, F},
title = {{Introduction to Calculus and Analysis I}},
year = {2012}
}

@article{Olkin:1981vi,
author = {Olkin, Ingram and Petkau, A. John and Zidek, James V.},
title = {{A comparison of n estimators for the Binomial distribution}},
journal = {Journal of American Statistical Association},
year = {1981},
volume = {76},
number = {375},
pages = {637--642}
}

@article{Jasra:2005kl,
author = {Jasra, A. and Holmes, C. C. and Stephens, D. A.},
title = {{Markov Chain Monte Carlo Methods and the Label Switching Problem in Bayesian Mixture Modeling}},
journal = {Statistical Science},
year = {2005},
volume = {20},
number = {1},
pages = {50--67}
}

@book{Bernardo:1994vd,
author = {Bernardo, Jos{\'e} M. and Smith, Adrian F. M.},
title = {{Bayesian Theory}},
publisher = {John Wiley {\&} Sons, Inc.},
year = {1994},
series = {Wiley Series in Probability and Statistics}
}

@article{Fearnhead:2010ut,
author = {Fearnhead, Paul and Papaspiliopoulos, Omiros and Roberts, Gareth O. and Stuart, Andrew},
title = {{Random-weight particle filtering of continuous time processes}},
journal = {Journal of the Royal Statistical Society: Series B (Statistical Methodology)},
year = {2010},
volume = {72},
number = {4},
pages = {497--512}
}

@incollection{Shibata:1989tm,
author = {Shibata, R.},
title = {{Statistical aspects of model selection}},
booktitle = {From data to model},
year = {1989},
editor = {Willems, Jan Camiel},
pages = {215--240},
publisher = {Springer-Verlag}
}

@article{Mengersen:1996th,
author = {Mengersen, K. L. and Tweedie, R. L.},
title = {{Rates of convergence of the Hastings and Metropolis algorithms}},
journal = {The Annals of Statistics},
year = {1996},
volume = {24},
number = {1},
pages = {101--121}
}

@article{Chopin:2002hg,
author = {Chopin, Nicolas},
title = {{A sequential particle filter method for static models}},
journal = {Biometrika},
year = {2002},
volume = {89},
number = {3},
pages = {539--552}
}

@phdthesis{Fearnhead:1998wj,
author = {Fearnhead, Paul},
title = {{Sequential Monte Carlo methods in filter theory}},
year = {1998}
}

@book{DeFinetti:1975ua,
author = {De Finetti, Bruno},
title = {{Theory of probability: A critical introductory treatment}},
publisher = {John Wiley {\&} Sons},
year = {1975},
volume = {2},
month = jul
}

@article{Johansen:2008kp,
author = {Johansen, Adam M. and Doucet, Arnaud and Davy, Manuel},
title = {{Particle methods for maximum likelihood estimation in latent variable models}},
journal = {Statistics and Computing},
year = {2008},
volume = {18},
number = {1},
pages = {47--57}
}

@article{Gelfand:1994ux,
author = {Gelfand, Alan E. and Dey, Dipak K.},
title = {{Bayesian model choice: Asymptotics and exact calculations}},
journal = {Journal of Royal Statistical Society B},
year = {1994},
volume = {56},
number = {3},
pages = {501--514}
}

@article{Nadaraya:1964uu,
author = {Nadaraya, E. A.},
title = {{On estimating regression}},
journal = {Theory of Probability and its Applications},
year = {1964},
volume = {9},
pages = {141--142}
}

@article{Kac:1949dq,
author = {Kac, M.},
title = {{On distributions of certain Wiener functionals}},
journal = {Transactions of the American Mathematical Society},
year = {1949},
volume = {65},
number = {1},
pages = {1--13}
}

@article{Poyiadjis:2011dc,
author = {Poyiadjis, G and Doucet, Arnaud and Singh, S S},
title = {{Particle approximations of the score and observed information matrix in state space models with application to parameter estimation}},
journal = {Biometrika},
year = {2011}
}

@article{Chen:1995jn,
author = {Chen, Kewei and Reiman, Eric and Lawson, Michael and Feng, Dagan and Huang, Sung-Cheng},
title = {{Decay correction methods in dynamic PET studies}},
journal = {IEEE Transactions on Nuclear Science},
year = {1995},
volume = {42},
number = {6},
pages = {2173--2179}
}

@article{Akaike:1980gh,
author = {Akaike, Hirotugu},
title = {{Likelihood and the Bayes procedure}},
journal = {Bayesian Statistics},
year = {1980},
volume = {31},
number = {1},
pages = {143--166}
}

@article{Givens:1996ul,
author = {Givens, Geof H. and Raftery, Adrian E.},
title = {{Local adaptive importance sampling for multivariate densities with strong nonlinear relationships}},
journal = {Journal of American Statistical Association},
year = {1996},
volume = {91},
number = {433},
pages = {132--141}
}

@article{Gerber:2014vu,
author = {Gerber, M and Chopin, N},
title = {{Sequential Quasi-Monte Carlo}},
journal = {ArXiv},
year = {2014},
eprint = {10224189496803572728related:-LtBYS2e440J},
eprinttype = {scholar}
}

@article{Hamilton:1995ty,
author = {Hamilton, David C. and Lesperance, Mary L.},
title = {{A comparison of methods for univariate and multivariate acceptance sampling by variables}},
journal = {Technometrics},
year = {1995},
volume = {37},
number = {3},
pages = {329--339}
}

@article{Murray:2012wo,
author = {Murray, Iain and Ghahramani, Zoubin and MacKay, David},
title = {{MCMC for doubly-intractable distributions}},
journal = {ArXiv},
year = {2012},
pages = {--}
}

@book{DelMoral:2004ux,
author = {Del Moral, Pierre},
title = {{Feynman-Kac Formulae: Genealogical and Interacting Particle Systems with Applications}},
publisher = {Springer-Verlag},
year = {2004},
address = {New York}
}

@article{Doucet:2006ji,
author = {Doucet, Arnaud and Briers, Mark and S{\'e}n{\'e}cal, St{\'e}phane},
title = {{Efficient block sampling strategies for sequential Monte Carlo methods}},
journal = {Journal of Computational and Graphical Statistics},
year = {2006},
volume = {15},
number = {3},
pages = {693--711}
}

@article{Golightly:2008cx,
author = {Golightly, A. and Wilkinson, D. J.},
title = {{Bayesian inference for nonlinear multivariate diffusion models observed with error}},
journal = {Computational Statistics {\&} Data Analysis},
year = {2008},
volume = {52},
number = {3},
pages = {1674--1693}
}

@article{Meng:1996wj,
author = {Meng, Xiao-Li and Wong, Wing Hung},
title = {{Simulating ratios of normalizing constants via a simple identity: A theoretical exploration}},
journal = {Statistica Sinica},
year = {1996},
volume = {6},
pages = {831--860}
}

@article{Besag:1974vs,
author = {Besag, Julian},
title = {{Spatial Interaction and the Statistical Analysis of Lattice Systems}},
journal = {Journal of Royal Statistical Society B},
year = {1974},
volume = {36},
number = {2},
pages = {192--236}
}

@article{Geweke:1989tm,
author = {Geweke, John},
title = {{Bayesian inference in econometric models using Monte Carlo integration}},
journal = {Econometrica: Journal of the Econometric Society},
year = {1989},
volume = {57},
number = {6},
pages = {1317--1339}
}

@article{Berger:1992kf,
author = {Berger, James O. and Bernardo, Jos{\'e} M.},
title = {{Ordered group reference priors with application to the multinomial problem}},
journal = {Biometrika},
year = {1992},
volume = {79},
number = {1},
pages = {25--37}
}

@article{Marron:1989uz,
author = {Marron, J. S. and Nolan, D.},
title = {{Canonical kernels for density estimation}},
journal = {Statistics {\&} Probability Letters},
year = {1989},
volume = {7},
number = {3},
pages = {195--199}
}

@article{Metropolis:1953ex,
author = {Metropolis, Nicholas and Rosenbluth, Arianna W. and Rosenbluth, Marshall N. and Teller, Augusta H. and Teller, Edward},
title = {{Equation of state calculations by fast computing machines}},
journal = {The Journal of Chemical Physics},
year = {1953},
volume = {21},
number = {6},
pages = {1087--1092}
}

@article{Fearnhead:2012vc,
author = {Fearnhead, Paul and Prangle, Dennis},
title = {{Constructing summary statistics for approximate Bayesian computation: semi-automatic approximate Bayesian computation}},
journal = {Journal of Royal Statistical Society B},
year = {2012},
volume = {74},
number = {3},
pages = {1--56},
month = apr
}

@article{Chen:2000ge,
author = {Chen, Song Xi},
title = {{Probability density function estimation using Gamma kernels}},
journal = {Annals of the Institute of Statistical Mathematics},
year = {2000},
volume = {52},
number = {3},
pages = {471--480},
month = sep
}

@article{Haario:1999dh,
author = {Haario, Heikki and Saksman, Eero and Tamminen, Johanna},
title = {{Adaptive proposal distribution for random walk Metropolis algorithm}},
journal = {Computational Statistics},
year = {1999},
volume = {14},
number = {3},
pages = {375}
}

@article{Creal:2008ji,
author = {Creal, D D},
title = {{Analysis of filtering and smoothing algorithms for L{\'e}vy-driven stochastic volatility models}},
journal = {Computational Statistics {\&} Data Analysis},
year = {2008}
}

@article{Chan:2014wb,
author = {Chan, Hock Peng and Heng, Chiang Wee and Jasra, Ajay},
title = {{Theory of Parallel Particle Filters for Hidden Markov Models}},
journal = {ArXiv},
year = {2014},
eprint = {1409.4160v1},
eprinttype = {arxiv},
eprintclass = {math.ST},
month = sep
}

@inproceedings{Yu:2010km,
author = {Yu, Jinxia and Liu, Wenjing and Tang, Yongli},
title = {{Improved particle filter algorithms based on partial systematic resampling}},
booktitle = {Proceedings of IEEE International Conference on Intelligent Computing and Intelligent Systems},
year = {2010},
pages = {483--487}
}

@article{Cheng:1978jl,
author = {Cheng, R. C. H.},
title = {{Generating Beta variates with nonintegral shape parameters}},
journal = {Communications of the ACM},
year = {1978},
volume = {21},
number = {4},
pages = {317--322}
}

@article{Robert:1994vh,
author = {Robert, Christian P.},
title = {{Discussion: Markov chains for exploring posterior distributions}},
journal = {The Annals of Statistics},
year = {1994},
volume = {22},
number = {4},
pages = {1742--1747}
}

@article{Pitt:2010th,
author = {Pitt, Michael and Silva, Ralph and Giordani, Paolo and Kohn, Robert},
title = {{Auxiliary Particle filtering within adaptive Metropolis-Hastings Sampling}},
journal = {ArXiv},
year = {2010},
eprint = {1006.1914v1},
eprinttype = {arxiv},
eprintclass = {stat.ME},
pages = {--},
month = jun
}

@article{Chopin:2013gn,
author = {Chopin, N and Jacob, P E and Papaspiliopoulos, O},
title = {{SMC2: an efficient algorithm for sequential analysis of state space models}},
journal = {Journal of the Royal Statistical Society: Series B (Statistical Methodology)},
year = {2013},
volume = {75},
number = {3},
pages = {397--426},
month = jun
}

@article{Salmon:2011um,
author = {Salmon, John K. and Moraes, Mark A. and Dror, Ron O. and Shaw, David E.},
title = {{Parallel random numbers: As easy as 1, 2, 3}},
journal = {Proceedings of 2011 International Conference for High Performance Computing, Networking, Storage and Analysis},
year = {2011},
pages = {1--12}
}

@article{Roberts:1997dg,
author = {Roberts, G. O. and Gelman, A. and Gilks, W. R.},
title = {{Weak convergence and optimal scaling of random walk Metropolis algorithms}},
journal = {The Annals of Applied Probability},
year = {1997},
volume = {7},
number = {1},
pages = {110--120}
}

@article{Cappe:2008ht,
author = {Capp{\'e}, Olivier and Douc, Randal and Guillin, Arnaud and Marin, Jean-Michel and Robert, Christian P.},
title = {{Adaptive importance sampling in general mixture classes}},
journal = {Statistics and Computing},
year = {2008},
volume = {18},
number = {4},
pages = {447--459}
}

@article{Cunningham:1991fs,
author = {Cunningham, Vincent J. and Hume, Susan P. and Price, Gary R. and Ahier, Randall G. and Cremer, Jill E. and Jones, Anthony K. P.},
title = {{Compartmental analysis of diprenorphine binding to opiate receptors in the rat in vivo and its comparison with equilibrium data in vitro}},
journal = {Journal of Cerebral Blood Flow {\&} Metabolism},
year = {1991},
volume = {11},
number = {1},
pages = {1--9}
}

@incollection{Doucet:2011us,
author = {Doucet, Arnaud and Johansen, Adam M.},
title = {{A tutorial on particle filtering and smoothing: Fifteen years later}},
booktitle = {The Oxford Handbook of Non-linear Filtering},
year = {2011},
pages = {--},
publisher = {Oxford University Press}
}

@article{Raftery:1996ct,
author = {Raftery, Adrian E.},
title = {{Approximate Bayes factors and accounting for model uncertainty in generalised linear models}},
journal = {Biometrika},
year = {1996},
volume = {83},
number = {2},
pages = {251--266}
}

@article{Sugiura:1978be,
author = {Sugiura, Nariaki},
title = {{Further analysts of the data by akaike' s information criterion and the finite corrections}},
journal = {Communications in Statistics - Theory and Methods},
year = {1978},
volume = {7},
number = {1},
pages = {13--26},
month = jan
}

@article{Grelaud:2009gc,
author = {Grelaud, Aude and Robert, Christian P. and Marin, Jean-Michel and Rodolphe, Fran{\c c}ois and Taly, Jean-Fran{\c c}ois},
title = {{ABC likelihood-free methods for model choice in Gibbs random fields}},
journal = {Bayesian Analysis},
year = {2009},
volume = {4},
number = {2},
pages = {317--336}
}

@article{Robert:1995ge,
author = {Robert, Christian P.},
title = {{Convergence control methods for Markov chain Monte Carlo algorithms}},
journal = {Statistical Science},
year = {1995},
volume = {10},
number = {3},
pages = {231--253}
}

@article{Blumenthal:1981th,
author = {Blumenthal, Saul and Dahiya, Ram C.},
title = {{Estimating the Binomial parameter n}},
journal = {Journal of American Statistical Association},
year = {1981},
volume = {76},
number = {376},
pages = {903--909}
}

@article{Hume:1992fy,
author = {Hume, Susan P. and Myers, Ralph and Bloomfield, Peter M. and Opacka-Juffry, Jolanta and Cremer, Jill E. and Ahier, Randall G. and Luthra, Sajinda K. and Brooks, David J. and Lammertsma, Adriaan A.},
title = {{Quantitation of Carbon-11-labeled raclopride in rat striatum using positron emission tomography.}},
journal = {Synapse},
year = {1992},
volume = {12},
number = {1},
pages = {47--54}
}

@article{Andrieu:2008kh,
author = {Andrieu, Christophe and Thoms, Johannes},
title = {{A tutorial on adaptive MCMC}},
journal = {Statistics and Computing},
year = {2008},
volume = {18},
number = {4},
pages = {343--373}
}

@article{HajiAli:2014wa,
author = {Haji-Ali, Abdul-Lateef and Nobile, Fabio and Tempone, Raul},
title = {{Multi-Index Monte Carlo: When Sparsity Meets Sampling}},
journal = {ArXiv},
year = {2014},
eprint = {1405.3757v4},
eprinttype = {arxiv},
eprintclass = {math.NA},
month = may
}

@article{Atkinson:1979es,
author = {Atkinson, A C},
title = {{A family of switching algorithms for the computer generation of beta random variables}},
journal = {Biometrika},
year = {1979},
volume = {66},
number = {1},
pages = {141--145},
month = apr
}

@techreport{Besag:2001um,
author = {Besag, Julian},
title = {{Markov chain Monte Carlo for statistical inference}},
year = {2001}
}

@article{Lee:2014wv,
author = {Lee, Anthony and Whiteley, Nick},
title = {{Forest resampling for distributed sequential Monte Carlo}},
journal = {ArXiv},
year = {2014},
eprint = {1406.6010v1},
eprinttype = {arxiv},
eprintclass = {stat.CO},
month = jun
}

@article{Berger:2001uy,
author = {Berger, James O. and Pericchi, Luis R.},
title = {{Objective Bayesian methods for model selection: introduction and comparison}},
journal = {Model Selection},
year = {2001},
volume = {38},
number = {2001},
pages = {135--207}
}

@article{Akaike:1978ti,
author = {Akaike, Hirotugu},
title = {{A Bayesian analysis of the minimum AIC procedure}},
journal = {Annals of the Institute of Statistical Mathematics},
year = {1978},
volume = {30},
number = {1},
pages = {9--14}
}

@article{Jasra:2008bb,
author = {Jasra, Ajay and Doucet, Arnaud and Stephens, David A. and Holmes, Christopher C.},
title = {{Interacting sequential Monte Carlo samplers for trans-dimensional simulation}},
journal = {Computational Statistics {\&} Data Analysis},
year = {2008},
volume = {52},
number = {4},
pages = {1765--1791}
}

@article{Martin:2014tw,
author = {Martin, Gael M and McCabe, Brendan P M and Maneesoonthorn, Worapree and Robert, Christian P},
title = {{Approximate Bayesian Computation in State Space Models}},
journal = {ArXiv},
year = {2014},
eprint = {1409.8363v1},
eprinttype = {arxiv},
eprintclass = {math.ST},
month = sep
}

@book{Kloeden:1618302,
author = {Kloeden, Peter E and Platen, Eckhard},
title = {{Numerical Solution of Stochastic Differential Equations}},
publisher = {Springer Science {\&} Business Media},
year = {1992},
month = jan
}

@article{Jasra:2007id,
author = {Jasra, Ajay and Stephens, David A. and Holmes, Christopher C.},
title = {{Population-based reversible jump Markov chain Monte Carlo}},
journal = {Biometrika},
year = {2007},
volume = {94},
number = {4},
pages = {787--807}
}

@article{DeanFang:2012gj,
author = {Dean Fang, Yu-Hua and El Fakhri, Georges and Becker, John A. and Alpert, Nathaniel M.},
title = {{Parametric imaging with Bayesian priors: A validation study with 11C-Altropane PET}},
journal = {NeuroImage},
year = {2012},
volume = {61},
number = {1},
pages = {131--138}
}

@article{Liang:2001dc,
author = {Liang, Faming and Wong, Wing Hung},
title = {{Real-parameter evolutionary Monte Carlo with applications to Bayesian mixture models}},
journal = {Journal of the American Statistical Association},
year = {2001},
volume = {96},
number = {454},
pages = {653--666},
month = jun
}

@article{Geman:1993bp,
author = {Geman, Stuart and Geman, Donald},
title = {{Stochastic relaxation, Gibbs distributions and the Bayesian restoration of images}},
journal = {Journal of Applied Statistics},
year = {1993},
volume = {20},
number = {5},
pages = {25--62}
}

@article{ChristopheAndrieu:2009ci,
author = {Andrieu, Christophe and Roberts, Gareth O.},
title = {{The pseudo-marginal approach for efficient Monte Carlo computations}},
journal = {The Annals of Statistics},
year = {2009},
volume = {37},
number = {2},
pages = {697--725},
month = apr
}

@article{2011CMAME.200.1237C,
author = {Chen, X and Gunzburger, Max},
title = {{Continuous and discontinuous finite element methods for a peridynamics model of mechanics}},
journal = {Computer Methods in Applied Mechanics and Engineering},
year = {2011},
volume = {200},
number = {9-12},
pages = {1237--1250},
month = feb
}

@article{Kitagawa:1996vj,
author = {Kitagawa, Genshiro},
title = {{Monte Carlo filter and smoother for non-Gaussian nonlinear state space models}},
journal = {Journal of Computational and Graphical Statistics},
year = {1996},
volume = {5},
number = {1},
pages = {1--25}
}

@article{Evans:1995wz,
author = {Evans, Michael and Swartz, Tim},
title = {{Methods for approximating integrals in statistics with special emphasis on Bayesian integration problems}},
journal = {Statistical Science},
year = {1995},
volume = {10},
number = {3},
pages = {254--272}
}

@article{Cowles:1996bv,
author = {Cowles, Mary Kathryn and Carlin, Bradley P.},
title = {{Markov chain Monte Carlo convergence diagnostics: a comparative review}},
journal = {Journal of the American Statistical Association},
year = {1996},
volume = {91},
number = {434},
pages = {883--904}
}

@article{Roberts:1996vd,
author = {Roberts, Gareth O. and Tweedie, Richard L.},
title = {{Exponential convergence of Langevin distributions and their discrete approximations}},
journal = {Bernoulli},
year = {1996},
volume = {2},
number = {4},
pages = {341--363}
}

@article{Jasra:2014ti,
author = {Jasra, Ajay},
title = {{Approximate Bayesian Computation for a Class of Time Series Models}},
journal = {ArXiv},
year = {2014},
eprint = {1401.0265v1},
eprinttype = {arxiv},
eprintclass = {stat.CO},
pages = {--},
month = jan
}

@article{Birnbaum:1962tj,
author = {Birnbaum, Allan},
title = {{On the foundations of statistical inference}},
journal = {Journal of American Statistical Association},
year = {1962},
volume = {57},
number = {298},
pages = {269--306}
}

@article{Heidelberger:1981ih,
author = {Heidelberger, Philip and Welch, Peter D.},
title = {{A spectral method for confidence interval generation and run length control in simulations}},
journal = {Communications of the ACM},
year = {1981},
volume = {24},
number = {4},
pages = {233--245}
}

@techreport{Everitt:2011hb,
author = {Everitt, Richard G. and Briers, Mark and Copsey, K.},
title = {{Likelihood-free reversible jump sequential Monte Carlo samplers}},
year = {2011}
}

@article{Carpenter:1999jb,
author = {Carpenter, James and Clifford, Peter and Fearnhead, Paul},
title = {{Improved particle filter for nonlinear problems}},
journal = {IEE Proceedings - Radar, Sonar and Navigation},
year = {1999},
volume = {146},
number = {1},
pages = {2--7}
}

@article{Sawa:1978tn,
author = {Sawa, Takamitsu},
title = {{Information criteria for discriminating among alternative regression models}},
journal = {Econometrica},
year = {1978},
volume = {46},
number = {6},
pages = {1273--1291}
}

@article{Cappe:2004fe,
author = {Capp{\'e}, Olivier and Guillin, A. and Marin, J. M. and Robert, C. P.},
title = {{Population Monte Carlo}},
journal = {Journal of Computational and Graphical Statistics},
year = {2004},
volume = {13},
number = {4},
pages = {907--929}
}

@article{Spiegelhalter:2002wt,
author = {Spiegelhalter, David J. and Best, Nicola G. and Carlin, Bradley P. and Van Der Linde, Angelika},
title = {{Bayesian measures of model complexity and fit}},
journal = {Journal of the Royal Statistical Society: Series B (Statistical Methodology)},
year = {2002},
volume = {64},
number = {4},
pages = {583--639}
}

@article{Yang:2005vj,
author = {Yang, Yuhong},
title = {{Can the strengths of AIC and BIC be shared? A conflict between model indentification and regression estimation}},
journal = {Biometrika},
year = {2005},
volume = {92},
number = {4},
pages = {937--950}
}

@article{Kass:1992tz,
author = {Kass, Robert E. and Vaidyanathan, Suresh K.},
title = {{Approximate Bayes factors and orthogonal parameters, with application to testing equality of two binomial proportions}},
journal = {Journal of Royal Statistical Society B},
year = {1992},
volume = {54},
number = {1},
pages = {129--144}
}

@article{Kass:1995vb,
author = {Kass, Robert E. and Raftery, Adrian E.},
title = {{Bayes factors}},
journal = {Journal of the American Statistical Association},
year = {1995},
volume = {90},
number = {430},
pages = {773--795}
}

@article{Chib:2001gq,
author = {Chib, Siddhartha and Jeliazkov, Ivan},
title = {{Marginal likelihood from the Metropolis-Hastings output}},
journal = {Journal of the American Statistical Association},
year = {2001},
volume = {96},
number = {453},
pages = {270--281}
}

@article{Whitley:1994kp,
author = {Whitley, Darrell},
title = {{A genetic algorithm tutorial}},
journal = {Statistics and Computing},
year = {1994},
volume = {4},
number = {2},
pages = {--}
}

@article{Rebeschini:2013tq,
author = {Rebeschini, Patrick and van Handel, Ramon},
title = {{Can local particle filters beat the curse of dimensionality?}},
journal = {ArXiv},
year = {2013},
eprint = {1301.6585v1},
eprinttype = {arxiv},
eprintclass = {math.ST},
month = jan
}

@inproceedings{Zhou:2012uz,
author = {Zhou, Yan and Johansen, Adam M. and Aston, John A. D.},
title = {{Bayesian model selection via path-sampling sequential Monte Carlo}},
booktitle = {Proceedings of IEEE Statistical Signal Processing Workshop},
year = {2012},
pages = {--}
}

@article{Bozdogan:1987wy,
author = {Bozdogan, Hamparsum},
title = {{Model selection and Akaike's information criterion (AIC): The general theory and its analytical extensions}},
journal = {Psychometrika},
year = {1987},
volume = {52},
number = {3},
pages = {345--370}
}

@article{Newton:1994wm,
author = {Newton, Michael A. and Raftery, Adrian E.},
title = {{Approximate Bayesian inference with the weighted likelihood bootstrap}},
journal = {Journal of Royal Statistical Society B},
year = {1994},
volume = {56},
number = {1},
pages = {3--48}
}

@article{Brooks:2003ko,
author = {Brooks, S. P. and Giudici, P. and Roberts, Gareth O.},
title = {{Efficient construction of reversible jump Markov chain Monte Carlo proposal distributions}},
journal = {Journal of the Royal Statistical Society. Series B (Methodological)},
year = {2003},
volume = {65},
number = {1},
pages = {3--39}
}

@article{West:1993us,
author = {West, Mike},
title = {{Approximating posterior distributions by mixtures}},
journal = {Journal of Royal Statistical Society B},
year = {1993},
volume = {55},
number = {2},
pages = {409--422}
}

@article{Bickel:2008bx,
author = {Bickel, Peter and Li, Bo and Bengtsson, Thomas},
title = {{Sharp failure rates for the bootstrap particle filter in high dimensions}},
journal = {ArXiv},
year = {2008},
eprint = {0805.3287v1},
eprinttype = {arxiv},
eprintclass = {math.ST},
month = may
}

@article{Marsaglia:2000vq,
author = {Marsaglia, George and wan Tsang, Wai},
title = {{A simple method for generating gamma variables}},
journal = {ACM Transactions on Mathematical Software},
year = {2000},
volume = {26},
number = {3},
pages = {363--372}
}

@article{Buck:1996td,
author = {Buck, Alfred and Westera, Gerrit and VonSchulthess, Gustav K. and Burger, Cyrill},
title = {{Modeling alternatives for cerebral Carbon-11-Iomazenil kinetics}},
journal = {Journal of Nuclear Medicine},
year = {1996},
volume = {37},
number = {4},
pages = {699--705}
}

@article{Arulampalam:2002hg,
author = {Arulampalam, M. Sanjeev and Maskell, Simon and Gordon, Neil and Clapp, Tim},
title = {{A tutorial on particle filters for online nonlinear/non-Gaussian Bayesian tracking}},
journal = {IEEE Transactions on Signal Processing},
year = {2002},
volume = {50},
number = {2},
pages = {174--188}
}

@article{Hurvich:1989ev,
author = {Hurvich, Clifford M. and Tsai, Chin-ling},
title = {{Regression and time series model selection in small samples}},
journal = {Biometrika},
year = {1989},
volume = {76},
number = {2},
pages = {297--307}
}

@article{Schwarz:1978uv,
author = {Schwarz, Gideon},
title = {{Estimating the dimension of a model}},
journal = {The Annals of Statistics},
year = {1978},
volume = {6},
number = {2},
pages = {461--464}
}

@article{Bolic:2004eu,
author = {Boli{\'c}, Miodrag and Djuri{\'c}, Petar M. and Hong, Sangjin},
title = {{Resampling algorithms for particle filters: A computational complexity perspective}},
journal = {EURASIP Journal on Advances in Signal Processing},
year = {2004},
volume = {2004},
number = {15},
pages = {2267--2277}
}

@article{Hastie:1987dj,
author = {Hastie, Trevor},
title = {{A closer look at the deviance}},
journal = {The American Statistician},
year = {1987},
volume = {41},
number = {1},
pages = {16--20}
}

@article{Prangle:2014uz,
author = {Prangle, Dennis},
title = {{Lazy ABC}},
journal = {ArXiv},
year = {2014},
eprint = {1405.7867v1},
eprinttype = {arxiv},
eprintclass = {stat.CO},
month = may
}

@article{Martin:2012kg,
author = {Martin, James S and Jasra, Ajay and McCoy, Emma},
title = {{Inference for a class of partially observed point process models}},
journal = {Annals of the Institute of Statistical Mathematics},
year = {2012},
volume = {65},
number = {3},
pages = {413--437},
month = aug
}

@book{Wasserman:2006uf,
author = {Wasserman, Larry},
title = {{All of nonparametric statistics}},
publisher = {Springer},
year = {2006},
address = {New York}
}

@article{Stone:1982ck,
author = {Stone, Charles J.},
title = {{Local asymptotic admissibility of a generalization of Akaike's model selection rule}},
journal = {Annals of the Institute of Statistical Mathematics},
year = {1982},
volume = {34},
number = {1},
pages = {123--133}
}

@book{Ern:2004wx,
author = {Ern, Alexandre and Guermond, Jean-Luc},
title = {{Theory and Practice of Finite Elements}},
publisher = {Springer Science {\&} Business Media},
year = {2004},
month = apr
}

@article{Mintun:1984cu,
author = {Mintun, Mark A. and Raichle, Marcus E. and Kilbourn, Michael R. and Wooten, G. Frederick and Welch, Michael J.},
title = {{A quantitative model for the in vivo assessment of drug binding sites with positron emission tomography.}},
journal = {Annals of Neurology},
year = {1984},
volume = {15},
number = {3},
pages = {217--227}
}

@phdthesis{Wickham:G4KrC0Vz,
author = {Wickham, Hadley Alexander},
title = {{Practical tools for exploring data and models}}
}

@article{Kalogeropoulos:2010cs,
author = {Kalogeropoulos, Konstantinos and Roberts, Gareth O. and Dellaportas, Petros},
title = {{Inference for stochastic volatility models using time change transformations}},
journal = {The Annals of Statistics},
year = {2010},
volume = {38},
number = {2},
pages = {784--807}
}

@article{Godsill:2001cv,
author = {Godsill, Simon J.},
title = {{On the relationship between Markov chain Monte Carlo for model uncerntainty}},
journal = {Journal of Computational and Graphical Statistics},
year = {2001},
volume = {10},
number = {2},
pages = {230--248}
}

@article{Kass:1996jj,
author = {Kass, Robert E. and Wasserman, Larry},
title = {{The selection of prior distributions by formal rules}},
journal = {Journal of American Statistical Association},
year = {1996},
volume = {91},
number = {435},
pages = {1343--1370}
}

@article{Logan:2000fw,
author = {Logan, Jean},
title = {{Graphical analysis of PET data applied to reversible and irreversible tracers}},
journal = {Nuclear Medicine and Biology},
year = {2000},
volume = {27},
number = {7},
pages = {661--670}
}

@article{Hastings:1970gd,
author = {Hastings, W. Keith},
title = {{Monte Carlo sampling methods using Markov chains and their applications}},
journal = {Biometrika},
year = {1970},
volume = {57},
number = {1},
pages = {97--109}
}

@article{McCulloch:1991hj,
author = {McCulloch, Robert and Rossi, Peter E.},
title = {{A Bayesian approach to testing the arbitrage pricing theory}},
journal = {Journal of Econometrics},
year = {1991},
volume = {49},
number = {1-2},
pages = {141--168}
}

@article{Gelman:1998ei,
author = {Gelman, Andrew and Meng, Xiao-Li},
title = {{Simulating normalizing constants: From importance sampling to bridge sampling to path sampling}},
journal = {Statistical Science},
year = {1998},
volume = {13},
number = {2},
pages = {163--185}
}

@article{Owen:2000kb,
author = {Owen, Art and Zhou, Yi},
title = {{Safe and effective importance sampling}},
journal = {Journal of American Statistical Association},
year = {2000},
volume = {95},
number = {449},
pages = {135--143}
}

@book{Myers:1990wt,
author = {Myers, Raymond H},
title = {{Classical and Modern Regression with Applications}},
publisher = {Duxbury},
year = {1990}
}

@article{Hawkins:1986ha,
author = {Hawkins, Randall A. and Phelps, Michael E. and Huang, Sung-Cheng},
title = {{Effects of temporal sampling, glucose metabolic rates, and disruptions of the blood-brain barrier on the FDG model with and without a vascular compartment: studies in human brain tumors with PET}},
journal = {Journal of Cerebral Blood Flow {\&} Metabolism},
year = {1986},
volume = {6},
number = {2},
pages = {170--183}
}

@article{Samiuddin:1990vy,
author = {Samiuddin, M. and El-Sayyad, G. M.},
title = {{On nonparametric kernel density estimates}},
journal = {Biometrika},
year = {1990},
volume = {77},
number = {4},
pages = {865}
}

@article{Carlin:1995uy,
author = {Carlin, Bradley P. and Chib, Siddhartha},
title = {{Bayesian model choice via Markov chain Monte Carlo methods}},
journal = {Journal of Royal Statistical Society B},
year = {1995},
volume = {57},
number = {3},
pages = {473--484}
}

@article{Blackwell:1953vt,
author = {Blackwell, David},
title = {{Equivalent comparisons of experiments}},
journal = {The Annals of Mathematical Statistics},
year = {1953},
volume = {24},
number = {2},
pages = {265--272}
}

@article{Didelot:2011wo,
author = {Didelot, Xavier and Everitt, Richard G. and Johansen, Adam M. and Lawson, Daniel J.},
title = {{Likelihood-free estimation of model evidence}},
journal = {Bayesian Analysis},
year = {2011},
volume = {6},
number = {1},
pages = {49--76}
}

@article{Cliffe:2011fr,
author = {Cliffe, K A and Giles, M B and Scheichl, R and Teckentrup, A L},
title = {{Multilevel Monte Carlo methods and applications to elliptic PDEs with random coefficients}},
journal = {Computing and Visualization in Science},
year = {2011},
volume = {14},
number = {1},
pages = {3--15},
month = aug
}

@article{Johansen:2009wd,
author = {Johansen, Adam M.},
title = {{SMCTC: sequential Monte Carlo in C++}},
journal = {Journal of Statistical Software},
year = {2009},
volume = {30},
number = {6},
pages = {1--41}
}

@article{Kullback:1951va,
author = {Kullback, S. and Leibler, R. A.},
title = {{On information and sufficiency}},
journal = {The Annals of Mathematical Statistics},
year = {1951},
volume = {22},
number = {1},
pages = {79--86}
}

@article{Kang:2011gg,
author = {Kang, Jian and Johnson, Timothy D. and Nichols, Thomas E. and Wager, Tor D.},
title = {{Meta Analysis of Functional Neuroimaging Data via Bayesian Spatial Point Processes.}},
journal = {Journal of the American Statistical Association},
year = {2011},
volume = {106},
number = {493},
pages = {124--134}
}

@article{Laskey:2003et,
author = {Laskey, Kathryn Blackmond and Myers, James W},
title = {{Population Markov chain Monte Carlo}},
journal = {Machine Learning},
year = {2003},
volume = {50},
number = {1/2},
pages = {175--196}
}

@article{Daniels:1987uk,
author = {Daniels, H. E.},
title = {{Tail probability approximations}},
journal = {International Statistical Review},
year = {1987},
volume = {55},
number = {1},
pages = {37--48}
}

@article{Roberts:2007wa,
author = {Roberts, Gareth O. and Rosenthal, Jeffrey S},
title = {{Coupling and ergodicity of adaptive Markov chain Monte Carlo algorithms}},
journal = {Journal of Applied Statistics},
year = {2007},
volume = {44},
number = {2},
pages = {458--475}
}

@article{Jasra:2013tu,
author = {Jasra, Ajay and Lee, Anthony and Yau, Christopher and Zhang, Xiaole},
title = {{The alive particle filter}},
journal = {ArXiv},
year = {2013},
eprint = {1304.0151v1},
eprinttype = {arxiv},
eprintclass = {stat.CO},
month = mar
}

@proceedings{Matsumoto:2001vu,
title = {{Dynamic creation of Pseudorandom number generators}},
year = {2001},
month = dec
}

@article{Kachitvichyanukul:1988db,
author = {Kachitvichyanukul, Voratas and Schmeiser, Bruce W},
title = {{Binomial random variate generation}},
journal = {Communications of the ACM},
year = {1988},
volume = {31},
number = {2},
pages = {216--222},
month = feb
}

@incollection{Raftery:2007ud,
author = {Raftery, Adrian E. and Newton, Michael A. and Satagopan, Jaya M. and Krivitsky, Pavel N.},
title = {{Estimating the integrated likelihood via posterior simulation using the harmonic mean identity}},
booktitle = {Bayesian Statistics 8},
year = {2006},
pages = {1--45},
publisher = {Oxford University Press},
month = nov
}

@article{Yu:1998fn,
author = {Yu, Bin and Mykland, Per},
title = {{Looking at Markov samplers through CUSUM path plots: a simple diagnostic idea}},
journal = {Statistics and Computing},
year = {1998},
volume = {8},
number = {3},
pages = {275--286}
}

@article{Sin:1996vs,
author = {Sin, Chor-Yiu and White, Halbert},
title = {{Information criteria for selecting possibly misspecified parametric models}},
journal = {Journal of Econometrics},
year = {1996},
volume = {71},
number = {1},
pages = {207--225}
}

@article{Doucet:2000ui,
author = {Doucet, Arnaud and Godsill, Simon and Andrieu, Christophe},
title = {{On sequential Monte Carlo sampling methods for Bayesian filtering}},
journal = {Statistics and Computing},
year = {2000},
volume = {10},
number = {3},
pages = {197--208}
}

@article{Green:2001tk,
author = {Green, Peter J. and Mira, Antonietta},
title = {{Delayed rejection in reversible jump Metropolis-Hastings}},
journal = {Biometrika},
year = {2001},
volume = {88},
number = {4},
pages = {1035--1053}
}

@article{Marsaglia:2003ug,
author = {Marsaglia, G},
title = {{Xorshift RNGs}},
journal = {Journal of Statistical Software},
year = {2003},
pages = {--}
}

@article{Berger:1987iq,
author = {Berger, James O. and Delampady, Mohan},
title = {{Testing precise hypotheses}},
journal = {Statistical Science},
year = {1987},
volume = {2},
number = {3},
pages = {317--335}
}

@article{DelMoral:2012em,
author = {Del Moral, Pierre and Doucet, Arnaud and Jasra, Ajay},
title = {{An adaptive sequential Monte Carlo method for approximate Bayesian computation}},
journal = {Statistics and Computing},
year = {2012},
pages = {--}
}

@article{Ridgeway:2003gq,
author = {Ridgeway, Greg and Madigan, David},
title = {{A sequential Monte Carlo method for Bayesian analysis of massive datasets}},
journal = {Data Mining and Knowledge Discovery},
year = {2003},
volume = {7},
number = {3},
pages = {301--319}
}

@article{Evensen:2003io,
author = {Evensen, G},
title = {{The ensemble Kalman filter: Theoretical formulation and practical implementation}},
journal = {Ocean dynamics},
year = {2003}
}

@techreport{DelMoral:2009th,
author = {Del Moral, Pierre and Doucet, Arnaud},
title = {{Particle methods: An introduction with applications}},
year = {2009}
}

@article{Ruppert:1994wk,
author = {Ruppert, D. and Wand, M. P.},
title = {{Multivariate locally weighted least squares regression}},
journal = {The Annals of Statistics},
year = {1994},
volume = {22},
number = {3},
pages = {1346--1370}
}

@article{Klaas:2012wz,
author = {Klaas, Mike and de Freitas, Nando and Doucet, Arnaud},
title = {{Toward Practical N2 Monte Carlo: the Marginal Particle Filter}},
journal = {ArXiv},
year = {2012},
eprint = {1207.1396v1},
eprinttype = {arxiv},
eprintclass = {stat.CO},
month = jul
}

@article{Neuts:1967bc,
author = {Neuts, M F and Zacks, S},
title = {{On mixtures of $\chi$2- andF-distributions which yield distributions of the same family}},
journal = {Annals of the Institute of Statistical Mathematics},
year = {1967},
volume = {19},
number = {1},
pages = {527--536},
month = dec
}

@article{Neal:2001we,
author = {Neal, Radford M.},
title = {{Annealed importance sampling}},
journal = {Statistics and Computing},
year = {2001},
volume = {11},
number = {2},
pages = {125--139}
}

@article{AlAwadhi:2004dy,
author = {Al-Awadhi, Fahimah and Hurn, Merrilee and Jennison, Christopher},
title = {{Improving the acceptance rate of reversible jump MCMC proposals}},
journal = {Statistics {\&} Probability Letters},
year = {2004},
volume = {69},
number = {2},
pages = {189--198}
}

@article{Kinahan:1989ih,
author = {Kinahan, P. E. and Rogers, J. G.},
title = {{Analytic 3D image reconstruction using all detected events}},
journal = {IEEE Transactions on Nuclear Science},
year = {1989},
volume = {36},
number = {1},
pages = {964--968}
}

@article{Jasra:2013wm,
author = {Jasra, Ajay and Kantas, Nikolas and Ehrlich, Elena},
title = {{Approximate Inference for Observation Driven Time Series Models with Intractable Likelihoods}},
journal = {ArXiv},
year = {2013},
eprint = {1303.7318v1},
eprinttype = {arxiv},
eprintclass = {stat.CO},
pages = {--},
month = mar
}

@article{Haario:2001gu,
author = {Haario, Heikki and Saksman, Eero and Tamminen, Johanna},
title = {{An adaptive Metropolis algorithm}},
journal = {Bernoulli},
year = {2001},
volume = {7},
number = {2},
pages = {223}
}

@article{Roberts:1996wb,
author = {Roberts, Gareth O. and Tweedie, R. L.},
title = {{Geometric convergence and central limit theorems for multidimensional Hastings and Metropolis}},
journal = {Biometrika},
year = {1996},
volume = {83},
number = {1},
pages = {95}
}

@article{Leva:1992vm,
author = {Leva, Joseph L.},
title = {{A fast normal random number generator}},
journal = {ACM Transactions on Mathematical Software},
year = {1992},
volume = {18},
number = {4},
pages = {449--453}
}

@article{Chow:1981te,
author = {Chow, Gregory C.},
title = {{A comparison of the information and posterior probability criteria for model selection}},
journal = {Journal of Econometrics},
year = {1981},
volume = {16},
number = {1},
pages = {21--33}
}

@article{Beskos:2005el,
author = {Beskos, Alexandros and Roberts, Gareth O.},
title = {{Exact simulation of diffusions}},
journal = {The Annals of Applied Probability},
year = {2005},
volume = {15},
number = {4},
pages = {2422--2444},
month = nov
}

@article{Shephard:2001tr,
author = {Shephard, N and Barndorff-Nielsen, O E},
title = {{Normal modified stable processes}},
journal = {Theory},
year = {2001}
}

@article{Halmos:1949ti,
author = {Halmos, Paul R. and Savage, L. J.},
title = {{Application of the Radon-Nikodym theorem to the theory of sufficient statistics}},
journal = {The Annals of Mathematical Statistics},
year = {1949},
volume = {20},
number = {2},
pages = {225--241}
}

@article{Berger:1989vj,
author = {Berger, James O. and Bernardo, Jos{\'e} M.},
title = {{Estimating a product of means: Bayesian analysis with reference priors}},
journal = {Journal of American Statistical Association},
year = {1989},
volume = {84},
number = {405},
pages = {200--207}
}

@article{Beskos:2014bv,
author = {Beskos, Alexandros and Crisan, Dan and Jasra, Ajay},
title = {{On the stability of sequential Monte Carlo methods in high dimensions}},
journal = {The Annals of Applied Probability},
year = {2014},
volume = {24},
number = {4},
pages = {1396--1445},
month = aug
}

@article{Grenander:1994vy,
author = {Grenander, Ulf and Miller, Michael I.},
title = {{Representations of knowledge in complex systems}},
journal = {Journal of Royal Statistical Society B},
year = {1994},
volume = {56},
number = {4},
pages = {549--603}
}

@article{Han:2001wa,
author = {Han, Cong and Carlin, Bradley P.},
title = {{Markov chain Monte Carlo methods for computing Bayes factors: A comparative review}},
journal = {Journal of the American Statistical Association},
year = {2001},
volume = {96},
number = {455},
pages = {1122--1132}
}

@article{Feng:2012ik,
author = {Feng, Dai and Tierney, Luke and Magnotta, Vincent},
title = {{MRI tissue classification using high-resolution Bayesian hidden markov normal mixture models}},
journal = {Journal of the American Statistical Association},
year = {2012},
volume = {107},
number = {497},
pages = {102--119},
month = mar
}

@article{Albert:1993kc,
author = {Albert, James H. and Chib, Siddhartha},
title = {{Bayesian analysis of binary and polychotomous response data}},
journal = {Journal of the American Statistical Association},
year = {1993},
volume = {88},
number = {422},
pages = {669--679}
}

@article{Atchade:2010ha,
author = {Atchad{\'e}, Yves F. and Roberts, Gareth O. and Rosenthal, Jeffrey S},
title = {{Towards optimal scaling of Metropolis-coupled Markov chain Monte Carlo}},
journal = {Statistics and Computing},
year = {2010},
volume = {21},
number = {4},
pages = {555--568}
}

@article{Saito:2013ht,
author = {Saito, M and Matsumoto, M},
title = {{Variants of mersenne twister suitable for graphic processors}},
journal = {ACM Transactions on Mathematical Software},
year = {2013}
}

@article{Green:1995dg,
author = {Green, Peter J.},
title = {{Reversible jump Markov chain Monte Carlo computation and Bayesian model determination}},
journal = {Biometrika},
year = {1995},
volume = {82},
number = {4},
pages = {711--732}
}

@article{Anonymous:YjBmKgMg,
author = {Beskos, Alexandros and Papaspiliopoulos, Omiros and Roberts, Gareth O. and Fearnhead, Paul},
title = {{Exact and computationally efficient likelihood-based estimation for discretely observed diffusion processes (with discussion)}},
journal = {Journal of the Royal Statistical Society: Series B (Statistical Methodology)},
year = {2006},
volume = {68},
number = {3},
pages = {333--382}
}

@inproceedings{Andrieu:1999cc,
author = {Andrieu, Christophe and De Freitas, N. and Doucet, Arnaud},
title = {{Sequential MCMC for Bayesian model selection}},
booktitle = {Proceedings of IEEE Higher Order Statistics Workshop},
year = {1999},
pages = {130--134}
}

@article{BarndorffNielsen:1979ug,
author = {Barndorff-Nielsen, O. and Cox, D. R.},
title = {{Edgeworth and saddle-point approximations with statistical applications}},
journal = {Journal of Royal Statistical Society B},
year = {1979},
volume = {41},
number = {3},
pages = {279--312}
}

@article{Cappe:2007hz,
author = {Capp{\'e}, Olivier and Godsill, Simon J. and Moulines, Eric},
title = {{An overview of existing methods and recent advances in sequential Monte Carlo}},
journal = {Proceedings of the IEEE},
year = {2007},
volume = {95},
number = {5},
pages = {899--924}
}

@article{Gilks:1998dl,
author = {Gilks, Walter R. and Roberts, Gareth O. and Sahu, Sujit K.},
title = {{Adaptive Markov chain Monte Carlo through regeneration}},
journal = {Journal of the American Statistical Association},
year = {1998},
volume = {93},
number = {443},
pages = {1045}
}

@article{Stephens:2000wq,
author = {Stephens, Mathew},
title = {{Bayesian analysis of mixture models with an unkown number of components -- An alternative to reversible jump methods}},
journal = {The Annals of Statistics},
year = {2000},
volume = {28},
number = {1},
pages = {40--74}
}

@article{Kong:1994ul,
author = {Kong, Augustine and Liu, Jun S. and Wong, Wing Huang},
title = {{Sequential imputations and Bayesian missing data problems}},
journal = {Journal of the American Statistical Association},
year = {1994},
volume = {89},
number = {425},
pages = {278--288}
}

@article{DElia:2015ht,
author = {D{\textquoteright}Elia, M and Gunzburger, M},
title = {{Identification of the diffusion parameter in nonlocal steady diffusion problems}},
journal = {Applied Mathematics {\&} Optimization},
year = {2015},
pages = {1--23}
}

@incollection{Akaike:1977ul,
author = {Akaike, Hirotugu},
title = {{On entropy maximization principle}},
booktitle = {Application of Statistics},
year = {1977},
pages = {--},
publisher = {North-Holland}
}

@article{Nelder:1965in,
author = {Nelder, J. A. and Mead, R.},
title = {{A simplex method for function minimization}},
journal = {The Computer Journal},
year = {1965},
volume = {7},
number = {4},
pages = {308--313}
}

@article{Gelfand:1990it,
author = {Gelfand, Alan E. and Smith, Adrian F. M.},
title = {{Sampling-based approaches to calculating marginal densities}},
journal = {Journal of the American Statistical Association},
year = {1990},
volume = {85},
number = {410},
pages = {398--409}
}

@article{Peng:2008fx,
author = {Peng, Jyh-Ying and Aston, John A. D. and Gunn, Roger N. and Liou, Cheng-Yuan and Ashburner, John},
title = {{Dynamic positron emission tomography data-driven analysis using sparse Bayesian learning}},
journal = {IEEE Transactions on Medical Imaging},
year = {2008},
volume = {27},
number = {9},
pages = {1356--1369}
}

@article{Fearnhead:2004gi,
author = {Fearnhead, Paul},
title = {{Particle filters for mixture models with an unknown number of components}},
journal = {Statistics and Computing},
year = {2004},
volume = {14},
number = {1},
pages = {11--21}
}

@article{2000JMPSo..48..175S,
author = {Silling, S A},
title = {{Reformulation of elasticity theory for discontinuities and long-range forces}},
journal = {Journal of the Mechanics and Physics of Solids},
year = {2000},
volume = {48},
number = {1},
pages = {175--209},
month = jan
}

@book{Shiryaev:1995vp,
author = {Shiryaev, A N},
title = {{Probability}},
publisher = {Springer-Verlag},
year = {1995},
series = {Graduate Texts in Mathematics},
address = {New York}
}

@book{Burnham:2002wc,
author = {Burnham, Kenneth P. and Anderson, David R.},
title = {{Model Selection and Multimodel Inference: A Practical Information-theoretic Approach}},
publisher = {Springer-Verlag},
year = {2002},
address = {New York},
edition = {2}
}

@article{Picard:1984vu,
author = {Picard, Richard R and Cook, R Dennis},
title = {{Cross-validation of regression models}},
journal = {Journal of the American Statistical Association},
year = {1984},
volume = {79},
number = {387},
pages = {575--583}
}

@incollection{Berger:1992wo,
author = {Bernardo, Jos{\'e} M. and Berger, James O.},
title = {{On the development of reference priors}},
booktitle = {Bayesian Statistics 4},
year = {1992},
editor = {Berger, James O. and Bernardo, Jos{\'e} M. and Dawid, A. P. and Smith, Adrian F. M.},
pages = {35--60},
publisher = {Oxford University Press}
}

@article{Cox:1987wo,
author = {Cox, D. R. and Reid, N.},
title = {{Parameter orthogonality and approximate conditional inference}},
journal = {Journal of Royal Statistical Society B},
year = {1987},
volume = {49},
number = {1},
pages = {1--39}
}

@article{Narisetty:2014hp,
author = {Narisetty, N N and He, X},
title = {{Bayesian variable selection with shrinking and diffusing priors}},
journal = {The Annals of Statistics},
year = {2014}
}

@techreport{Green:2009tr,
author = {Green, Peter J. and Hastie, David I.},
title = {{Reversible jump MCMC}},
year = {2009}
}

@article{Peters:2010vk,
author = {Peters, Gareth W and Hosack, Geoffrey R. and Hayes, Keith R.},
title = {{Ecological non-linear state space model selection via adaptive particle Markov chain Monte Carlo (AdPMCMC)}},
journal = {ArXiv},
year = {2010},
pages = {--}
}

@article{Gunn:2002tf,
author = {Gunn, Roger N. and Gunn, Steve R. and Turkheimer, Federico E. and Aston, John A. D. and Cunningham, Vincent J.},
title = {{Positron emission tomography compartmental models: A basis pursuit strategy for kinetic modeling}},
journal = {Journal of Cerebral Blood Flow {\&} Metabolism},
year = {2002},
volume = {22},
number = {12},
pages = {1425--1439}
}

@article{Casella:1998tj,
author = {Casella, George and Robert, Christian P.},
title = {{Post-processing accept-reject samples: recycling and rescaling}},
journal = {Journal of Computational and Graphical Statistics},
year = {1998},
volume = {7},
number = {2},
pages = {139--157}
}

@article{Calderhead:2009bd,
author = {Calderhead, Ben and Girolami, Mark},
title = {{Estimating Bayes factors via thermodynamic integration and population MCMC}},
journal = {Computational Statistics {\&} Data Analysis},
year = {2009},
volume = {53},
number = {12},
pages = {4028--4045}
}

@incollection{Akaike:1973uc,
author = {Akaike, Hirotugu},
title = {{Information theory and an extension of the maximum likelihood principle}},
booktitle = {Second international symposium on information theory},
year = {1973},
pages = {267--281},
publisher = {Akademiai Kiado}
}

@booklet{Jeffreys:1961ua,
title = {{Theory of Probability}},
author = {Jeffreys, Harold},
howpublished = {Clarendon Press},
year = {1961}
}

@article{Chambers:1976dv,
author = {Chambers, J M and Mallows, C. L. and Stuck, B W},
title = {{A method for simulating stable random variables}},
journal = {Journal of the American Statistical Association},
year = {1976},
volume = {71},
number = {354},
pages = {340--344}
}

@inproceedings{Johansen:2006wm,
author = {Johansen, Adam M. and Del Moral, Pierre and Doucet, Arnaud},
title = {{Sequential Monte Carlo samplers for rare events}},
booktitle = {Proceedings of the 6th International Workshop on Rare Event Simulation},
year = {2006},
pages = {256--267}
}

@article{Everitt:2012tr,
author = {Everitt, Richard G.},
title = {{Bayesian Parameter Estimation for Latent Markov Random Fields and Social Networks}},
journal = {ArXiv},
year = {2012},
eprint = {1203.3725v1},
eprinttype = {arxiv},
eprintclass = {stat.CO},
pages = {--},
month = mar
}

@article{Hannan:1979us,
author = {Hannan, Edward J and Quinn, Barry G},
title = {{The determination of the order of an autoregression}},
journal = {Journal of the Royal Statistical Society. Series B (Methodological)},
year = {1979},
pages = {190--195}
}

@article{Andrieu:2010gc,
author = {Andrieu, Christophe and Doucet, Arnaud and Holenstein, Roman},
title = {{Particle Markov chain Monte Carlo methods}},
journal = {Journal of the Royal Statistical Society: Series B (Statistical Methodology)},
year = {2010},
volume = {72},
number = {3},
pages = {269--342}
}

@article{Robert:2011vx,
author = {Robert, Christian P. and Marin, Jean-Michel and Pillai, Natesh S.},
title = {{Why approximate Bayesian computational (ABC) methods cannot handle model choice problems}},
journal = {ArXiv},
year = {2011},
pages = {--}
}

@article{DelMoral:2006hc,
author = {Del Moral, Pierre and Doucet, Arnaud and Jasra, Ajay},
title = {{Sequential Monte Carlo samplers}},
journal = {Journal of Royal Statistical Society B},
year = {2006},
volume = {68},
number = {3},
pages = {411--436}
}

@article{Altekar:2004jz,
author = {Altekar, G and Dwarkadas, S and Huelsenbeck, J P and Ronquist, F},
title = {{Parallel Metropolis coupled Markov chain Monte Carlo for Bayesian phylogenetic inference}},
journal = {Bioinformatics},
year = {2004},
volume = {20},
number = {3},
pages = {407--415},
month = feb
}

@book{Tsybakov:2009wp,
author = {Tsybakov, Alexandre B.},
title = {{Introdcution to nonparametric estimation}},
publisher = {Springer},
year = {2009},
address = {New York}
}

@article{Jiang:2009kf,
author = {Jiang, Ci-Ren and Aston, John A. D. and Wang, Jane-Ling},
title = {{Smoothing dynamic positron emission tomography time courses using functional principal components}},
journal = {NeuroImage},
year = {2009},
volume = {47},
number = {1},
pages = {184--193}
}

@article{Oh:1993tg,
author = {Oh, Man-Suk and Berger, James O.},
title = {{Integration of multimodal functions by Monte Carlo importance sampling}},
journal = {Journal of American Statistical Association},
year = {1993},
volume = {88},
number = {422},
pages = {450--456}
}

@article{DeRiggi:1983wr,
author = {DeRiggi, Dennis F.},
title = {{Unimodality of likelihood functions for the Binomial distribution}},
journal = {Journal of American Statistical Association},
year = {1983},
volume = {78},
number = {381},
pages = {181--183}
}

@article{Schafer:2011bx,
author = {Sch{\"a}fer, Christian and Chopin, Nicolas},
title = {{Sequential Monte Carlo on large binary sampling spaces}},
journal = {Statistics and Computing},
year = {2011},
pages = {1--22}
}

@book{Courant:2012uz,
author = {Courant, R and John, F},
title = {{Introduction to Calculus and Analysis II}},
year = {2012}
}

@article{Whiteley:2010ug,
author = {Whiteley, Nick and Andrieu, Christophe and Doucet, Arnaud},
title = {{Efficient Bayesian nference for switching state-space models using discrete particle Markov chain Monte Carlo methods}},
journal = {ArXiv},
year = {2010},
eprint = {1011.2437v1},
eprinttype = {arxiv},
eprintclass = {stat.CO},
month = nov
}

@article{Kantas:2014ty,
author = {Kantas, Nikolas and Doucet, Arnaud and Singh, Sumeetpal S and Maciejowski, Jan M and Chopin, Nicolas},
title = {{On Particle Methods for Parameter Estimation in State-Space Models}},
journal = {ArXiv},
year = {2014},
eprint = {1412.8695v1},
eprinttype = {arxiv},
eprintclass = {stat.CO},
month = dec
}

@article{Brent:2010vj,
author = {Brent, Richard P},
title = {{Some long-period random number generators using shifts and xors}},
journal = {ArXiv},
year = {2010},
eprint = {1004.3115v1},
eprinttype = {arxiv},
eprintclass = {cs.DS},
pages = {--},
month = apr,
annote = {11 pages}
}

@article{Hesterberg:1995wg,
author = {Hesterberg, Tim},
title = {{Weighted average importance sampling and defensive mixture distributions}},
journal = {Technometrics},
year = {1995},
volume = {37},
number = {2},
pages = {185--194}
}

@article{Davis:1993vl,
author = {Davis, Charles S.},
title = {{The computer generation of multinomial random variates}},
journal = {Computational Statistics {\&} Data Analysis},
year = {1993},
volume = {16},
number = {2},
pages = {205--217}
}

@book{Robert:2007tc,
author = {Robert, Christian P.},
title = {{The Bayesian Choice: From Decision-theoretic Foundations to Computational Implementation}},
publisher = {Springer},
year = {2007},
address = {New York},
edition = {2}
}

@article{Du:2013jn,
author = {Du, Qiang and Gunzburger, Max and Lehoucq, R B and Zhou, Kun},
title = {{A nonlocal vector calculus, nonlocal volume-constrained problems, and nonlocal balance laws}},
journal = {Mathematical Models and Methods in Applied Sciences},
year = {2013},
volume = {23},
number = {03},
pages = {493--540},
month = mar
}

@article{Andrieu:2006tw,
author = {Andrieu, Christophe and Moulines, Eric},
title = {{On the ergodicity properties of some adaptive MCMC algorithms}},
journal = {The Annals of Applied Probability},
year = {2006},
volume = {16},
number = {3},
pages = {1462--1505},
month = aug
}

@article{Robert:2011uv,
author = {Robert, Christian P. and Cornuet, Jean-Marie and Marin, Jean-Michel and Pillai, Natesh S.},
title = {{Lack of confidence in approximate Bayesian computation model choice}},
journal = {Proceedings of the {\ldots}},
year = {2011},
pages = {--}
}

@book{DeFinetti:1974tg,
author = {De Finetti, Bruno},
title = {{Theory of probability: A critical introductory treatment}},
publisher = {John Wiley {\&} Sons},
year = {1974},
volume = {2}
}

@article{Akaike:1974ih,
author = {Akaike, Hirotugu},
title = {{A new look at the statistical model identification}},
journal = {IEEE Transactions on Automatic Control},
year = {1974},
volume = {19},
number = {6},
pages = {716--723}
}

@article{Rousset:2006kq,
author = {Rousset, Mathias and Stoltz, Gabriel},
title = {{Equilibrium sampling from nonequilibrium dynamics}},
journal = {Journal of Statistical Physics},
year = {2006},
volume = {123},
number = {6},
pages = {1251--1272}
}

@article{Marshall:2011gi,
author = {Marshall, Tristan and Roberts, Gareth},
title = {{An adaptive approach to Langevin MCMC}},
journal = {Statistics and Computing},
year = {2011},
volume = {22},
number = {5},
pages = {1041--1057},
month = sep
}

@article{Booth:1995he,
author = {Booth, James G. and Wood, Andrew T. A.},
title = {{An example in which the Lugannani-Rice saddlepoint formula fails}},
journal = {Statistics {\&} Probability Letters},
year = {1995},
volume = {23},
number = {1},
pages = {53--61}
}

@article{Ronchetti:1997uc,
author = {Ronchetti, Elvezio},
title = {{Robustness aspects of model choice}},
journal = {Statistica Sinica},
year = {1997},
volume = {7},
pages = {327--338}
}

@article{Sacks:1981vv,
author = {Sacks, Jermoe and Ylvisaker, Donald},
title = {{Asymptotically optimum kernels for density estimation at a point}},
journal = {The Annals of Statistics},
year = {1981},
volume = {9},
number = {2},
pages = {334--346}
}

@article{Chopin:2004cn,
author = {Chopin, Nicolas},
title = {{Central limit theorem for sequential Monte Carlo methods and its application to Bayesian inference}},
journal = {The Annals of Statistics},
year = {2004},
volume = {32},
number = {6},
pages = {2385--2411}
}

@article{Lugannani:1980tc,
author = {Lugannani, Robert and Rice, Stephen},
title = {{Saddle point approximation for the distribution of the sum of indpendent random variables}},
journal = {Advances in Applied Probability},
year = {1980},
volume = {12},
number = {2},
pages = {475--490}
}

@article{Liu:1995vl,
author = {Liu, Jun S. and Chen, Rong},
title = {{Blind deconvolution via sequential imputations}},
journal = {Journal of the American Statistical Association},
year = {1995},
volume = {90},
number = {430},
pages = {567--576}
}

@article{Roberts:2001ta,
author = {Roberts, Gareth O. and Rosenthal, Jeffrey S},
title = {{Optimal scaling for various Metropolis-Hastings algorithms}},
journal = {Statistical Science},
year = {2001},
volume = {16},
number = {4},
pages = {351--367}
}

@article{Lee:2010fm,
author = {Lee, Anthony and Yau, Christopher and Giles, Michael B. and Doucet, Arnaud and Holmes, Christopher C.},
title = {{On the utility of graphics cards to perform massively parallel simulation of advanced Monte Carlo methods}},
journal = {Journal of Computational and Graphical Statistics},
year = {2010},
volume = {19},
number = {4},
pages = {769--789}
}

@article{Brown:1950wy,
author = {Brown, George W.},
title = {{Basic principles for construction and application of discriminators}},
journal = {Journal of Clinical Psychology},
year = {1950},
volume = {6},
number = {1},
pages = {58--61}
}

@article{Robert:2000hd,
author = {Robert, Christian P. and Ryd{\'e}n, Tobias and Titterington, D. M.},
title = {{Bayesian inference in hidden Markov models through the reversible jump Markov chain Monte Carlo method}},
journal = {Journal of the Royal Statistical Society: Series B (Statistical Methodology)},
year = {2000}
}

@inproceedings{Douc:2005wa,
author = {Douc, Randal and Capp{\'e}, Olivier and Moulines, Eric},
title = {{Comparison of resampling schemes for particle filtering}},
booktitle = {Proceedings of the 4th International Symposium on Imange and Signal Processing and Analysis},
year = {2005},
pages = {1--6}
}

@phdthesis{Hastie:2005vi,
author = {Hastie, David},
title = {{Towards automatic reversible jump Markov chain Monte Carlo}},
year = {2005}
}

@article{Jasra:2007in,
author = {Jasra, Ajay and Stephens, David A. and Holmes, Christopher C.},
title = {{On population-based simulation for static inference}},
journal = {Statistics and Computing},
year = {2007},
volume = {17},
number = {3},
pages = {263--279}
}

@article{Liu:1998iu,
author = {Liu, Jun S. and Chen, Rong},
title = {{Sequential Monte Carlo methods for dynamic systems}},
journal = {Journal of the American Statistical Association},
year = {1998},
volume = {93},
number = {443},
pages = {1032--1044}
}

@article{Anonymous:Kx2bj97U,
author = {Varin, Cristiano and Reid, Nancy and Firth, David},
title = {{An overview of composite likelihood methods}},
journal = {Statistica Sinica},
year = {2011},
volume = {21},
number = {1},
pages = {5--42}
}

@article{Lee:2001tm,
author = {Lee, Sangyeol and Karagrigoriou, Alex},
title = {{An asymptotically optimal selection of the order of a linear process}},
journal = {Sankhy{\=a}: The Indian Journal of Statistics, Series A},
year = {2001},
pages = {93--106}
}

@article{Johansen:2006iv,
author = {Johansen, Adam M. and Singh, Sumeetpal S. and Doucet, Arnaud and Vo, Ba-Ngu},
title = {{Convergence of the SMC implementation of the PHD filte}},
journal = {Methodology and Computing in Applied Probability},
year = {2006},
volume = {8},
number = {2},
pages = {265--291}
}

@article{Dodwell:2015ka,
author = {Dodwell, T J and Ketelsen, C and Scheichl, R and Teckentrup, A L},
title = {{A Hierarchical Multilevel Markov Chain Monte Carlo Algorithm with Applications to Uncertainty Quantification in Subsurface Flow}},
journal = {SIAM/ASA Journal on Uncertainty Quantification},
year = {2015},
volume = {3},
number = {1},
pages = {1075--1108}
}

@article{Gunn:2001cx,
author = {Gunn, Roger N. and Gunn, Steve R. and Cunningham, Vincent J.},
title = {{Positron emission tomography compartmental models}},
journal = {Journal of Cerebral Blood Flow {\&} Metabolism},
year = {2001},
volume = {21},
number = {6},
pages = {635--652}
}

@article{Huzurbazar:1999dl,
author = {Huzurbazar, S.},
title = {{Practical saddlepoint approximations}},
journal = {The American Statistician},
year = {1999},
volume = {53},
number = {3},
pages = {225--232}
}

@article{Bartolucci:2006cb,
author = {Bartolucci, Francesco and Scaccia, Luisa and Mira, Antonietta},
title = {{Efficient Bayes factor estimation from the reversible jump output}},
journal = {Biometrika},
year = {2006},
volume = {93},
number = {1},
pages = {41--52}
}

@article{Turkheimer:2003iy,
author = {Turkheimer, Federico E. and Hinz, Rainer and Cunningham, Vincent J.},
title = {{On the undecidability among kinetic models: From model selection to model averaging}},
journal = {Journal of Cerebral Blood Flow {\&} Metabolism},
year = {2003},
volume = {23},
number = {4},
pages = {490--498}
}

@article{Mankoff:1998ui,
author = {Mankoff, David A. and Shields, Anthony F. and Graham, Michael M. and Link, Jeanne M. and Eary, Janet F. and Krohn, Kenneth A.},
title = {{Kinetic analysis of 2-[Carbon-11]Thymidine PET imaging studies: Compartmental model and mathematical analysis}},
journal = {The Journal of Nuclear Medicine},
year = {1998},
volume = {39},
number = {6},
pages = {1043--1055}
}

@article{Richardson:1997ea,
author = {Richardson, Sylvia and Green, Peter J.},
title = {{On Bayesian analysis of mixtures with an unknown number of components}},
journal = {Journal of Royal Statistical Society B},
year = {1997},
volume = {59},
number = {4},
pages = {731--792}
}

@phdthesis{Johansen:2006vu,
author = {Johansen, Adam M.},
title = {{Some non-standard sequential Monte Carlo methods and their applications}},
school = {University of Cambridge},
year = {2006}
}

@article{BarndorffNielsen:1980je,
author = {Barndorff-Nielsen, O.},
title = {{Conditionality resolutions}},
journal = {Biometrika},
year = {1980},
volume = {67},
number = {2},
pages = {293--310}
}

@article{Tierney:1994uk,
author = {Tierney, Luke},
title = {{Markov chains for exploring posterior distributions}},
journal = {The Annals of Statistics},
year = {1994},
volume = {22},
number = {4},
pages = {1701--1728}
}

